@book{book.apel.FeatureOrientedSoftware,
	title={Feature-Oriented Software Product Lines},
	author={Apel, Sven and Batory, Don and K{\"a}stner, Christian and Saake, Gunter},
	year={2013},
	publisher={Springer}
}

@book{thesis.niken.deltaRelationalMappingUsingABS,
	title={Delta-Relational Mapping using the Abstract Behavioral Specification Language},
	author={Apriani, Niken F},
	year={2015}
}

@book{book.pohl2005.softwareProductLineEngineering,
	title={Software product line engineering: foundations, principles and techniques},
	author={Pohl, Klaus and B{\"o}ckle, G{\"u}nter and van Der Linden, Frank J},
	year={2005},
	publisher={Springer Science \& Business Media}
}

@book{book.abs.abslanguagespecification,
	title={The ABS Language Specification},
	author={HATS},
	year={2013}
}

@book{book.conallen2002.buildingWebApplicationWithUML,
	title={Building Web applications with UML Second Edition},
	author={Conallen, Jim},
	year={2002},
	publisher={Addison-Wesley Longman Publishing Co., Inc.}
}

@book{book.rosen2009.webApplicationArchitecture,
	title={Web Application Architecture: Principles, Protocol and Practices},
	author={Rosen, LSR and Shklar, Leon},
	year={2009},
	publisher={John Wiley \& Sons Ltd.: West Sussex, England}
}

@book{book.haverbeke2014.eloquentJavascript,
	title={Eloquent JavaScript: A Modern Introduction to Programming},
	author={Haverbeke, Marijn},
	year={2014},
	publisher={No Starch Press}
}

@book{book.nixon2012.learningPhp,
	title={Learning PHP, MySQL, JavaScript, and CSS: A step-by-step guide to creating dynamic websites},
	author={Nixon, Robin},
	year={2012},
	publisher={" O'Reilly Media, Inc."}
}

@book{book.moss2015.workingWithOdoo,
	title={Working with Odoo},
	author={Moss, Greg},
	year={2015},
	publisher={Packt Publishing Ltd}
}

@book{book.fowler2002.patternsEnterpriseApp,
	title={Patterns of enterprise application architecture},
	author={Fowler, Martin},
	year={2002},
	publisher={Addison-Wesley Longman Publishing Co., Inc.}
}

@book{book.olson2010.enterpriseIS,
	title={Enterprise information systems: contemporary trends and issues},
	author={Olson, David Louis and Kesharwani, Subodh},
	year={2010},
	publisher={World Scientific}
}

@inproceedings{paper.vuksanovic2011.useWebAppSmall,
	title={Use of web application frameworks in the development of small applications},
	author={Vuksanovic, Irena Petrijevcanin and Sudarevic, Bojan},
	booktitle={MIPRO, 2011 Proceedings of the 34th International Convention},
	pages={458--462},
	year={2011},
	organization={IEEE}
}

@inproceedings{paper.chung2003.modelingWebApp,
	title={Modeling Web applications using Java and XML related technologies},
	author={Chung, Sam and Lee, Yun-Sik},
	booktitle={System Sciences, 2003. Proceedings of the 36th Annual Hawaii International Conference on},
	pages={10--pp},
	year={2003},
	organization={IEEE}
}

@inproceedings{paper.hanle.ABStutorial,
	title={The Abstract Behavioral Specification Language: A Tutorial Introduction},
	author={H{\"a}hnle, Reiner},
	booktitle={Formal Methods for Components and Objects},
	pages={1--37},
	year={2013},
	organization={Springer}
}

@inproceedings{paper.schulze2013.refactoringDeltaOrientedSPL,
	title={Refactoring delta-oriented software product lines},
	author={Schulze, Sandro and Richers, Oliver and Schaefer, Ina},
	booktitle={Proceedings of the 12th annual international conference on Aspect-oriented software development},
	pages={73--84},
	year={2013},
	organization={ACM}
}

@inproceedings{paper.czarnecki2005.mappingFeatureToModels,
	title={Mapping features to models: A template approach based on superimposed variants},
	author={Czarnecki, Krzysztof and Antkiewicz, Micha{\l}},
	booktitle={Generative Programming and Component Engineering},
	pages={422--437},
	year={2005},
	organization={Springer}
}

@incollection{paper.johnsen2014.deploymentVariabilityinDeltaOriented,
	title={Deployment Variability in Delta-Oriented Models},
	author={Johnsen, Einar Broch and Schlatte, Rudolf and Tarifa, S Lizeth Tapia},
	booktitle={Leveraging Applications of Formal Methods, Verification and Validation. Technologies for Mastering Change},
	pages={304--319},
	year={2014},
	publisher={Springer}
}

@paper{paper.kastnerApel.FeatureOrientedSoftwareDevelopment,
	title={Feature-Oriented Software Development A Short Tutorial on Feature-Oriented Programming, Virtual Separation of Concerns, and Variability-Aware Analysis},
	author={Christian K{\"a}stner and Sven Apel},
	year={2013},
	organization={Springer}
}

@inproceedings{paper.johnsen.ABS,
	title={ABS: A Core Language for Abstract Behavioral Specification},
	author={Johnsen, Einar Broch and H{\"a}hnle, Reiner and Sch{\"a}fer, Jan and Schlatte, Rudolf and Steffen, Martin},
	booktitle={Formal Methods for Components and Objects},
	pages={142--164},
	year={2010},
	organization={Springer}
}

@article{paper.wong.abstools,
	title={The ABS Tool Suite: Modelling, Executing and Analysing Distributed Adaptable Object-Oriented Systems},
	author={Wong, Peter YH and Albert, Elvira and Muschevici, Radu and Proen{\c{c}}a, Jos{\'e} and Sch{\"a}fer, Jan and Schlatte, Rudolf},
	journal={International Journal on Software Tools for Technology Transfer},
	volume={14},
	number={5},
	pages={567--588},
	year={2012},
	publisher={Springer}
}

@inproceedings{paper.clarke.variability,
	title={Variability Modelling in the ABS Language},
	author={Clarke, Dave and Muschevici, Radu and Proen{\c{c}}a, Jos{\'e} and Schaefer, Ina and Schlatte, Rudolf},
	booktitle={Formal Methods for Components and Objects},
	pages={204--224},
	year={2010},
	organization={Springer}
}

@article{paper.hedin.jastadd,
	title={JastAddâ€”an Aspect-Oriented Compiler Construction System},
	author={Hedin, G{\"o}rel and Magnusson, Eva},
	journal={Science of Computer Programming},
	volume={47},
	number={1},
	pages={37--58},
	year={2003},
	publisher={Elsevier}
}

@article{paper.lee.featuremanagement,
	title={Feature-Oriented Variability Management in Product Line Engineering},
	author={Lee, Jaejoon and Muthig, Dirk},
	journal={Communications of the ACM},
	volume={49},
	number={12},
	pages={55--59},
	year={2006},
	publisher={ACM}
}

@incollection{paper.lee.featurebinding,
	title={Feature Binding Analysis for Product Line Component Development},
	author={Lee, Jaejoon and Kang, Kyo C},
	booktitle={Software Product-Family Engineering},
	pages={250--260},
	year={2003},
	publisher={Springer}
}

@article{paper.hubaux2013.supportingMultiplePerspective,
	title={Supporting multiple perspectives in feature-based configuration},
	author={Hubaux, Arnaud and Heymans, Patrick and Schobbens, Pierre-Yves and Deridder, Dirk and Abbasi, Ebrahim Khalil},
	journal={Software \& Systems Modeling},
	volume={12},
	number={3},
	pages={641--663},
	year={2013},
	publisher={Springer}
}

@misc{slide.radu.deltaprogramming,
	title={Delta-Oriented Programming},
	author={Muschevici, Radu},
	year={2015}
}

@misc{web.ANTLR.aboutANTRLParser,
	author={ANTLR.org},
	title = {About The ANTLR Parser Generator},
	howpublished = "\url{http://www.antlr.org/about.html}", 
	note = "[Online; accessed 6-April-2016]"
}

@misc{web.ANTLR.ANTRLTreeConstruction,
	author={ANTLR2.org},
	title = {ANTLR Tree Construction},
	howpublished = "\url{http://www.antlr2.org/doc/trees.html}", 
	note = "[Online; accessed 6-April-2016]"
}

@misc{web.JastAdd.JastAddOverview,
	author={JastAdd.org},
	title = {JastAdd Concept Overview},
	howpublished = "\url{http://jastadd.org/web/documentation/concept-overview.php}", 
	note = "[Online; accessed 6-April-2016]"
}

@misc{web.JastAdd.JastAddReferenceManual,
	author={JastAdd.org},
	title = {Reference Manual for JastAdd 2.2.2},
	howpublished = "\url{http://jastadd.org/web/documentation/reference-manual.php#Aspects.}", 
	note = "[Online; accessed 6-April-2016]"
}

@misc{web.Odoo.ERPComparison,
	author={Odoo},
	title={ERP Comparison White Paper: Microsoft Dynamics, NetSuite, and Odoo},
	year={2016}
}

@misc{web.Odoo.whatIsOdoo,
	title = {What is Odoo},
	howpublished = "\url{https://odoo-community.org/}",
	note = "[Online; accessed 2-May-2016]"
}

@misc{web.Odoo.OdooSalesFeatures,
	title = {Sales Features},
	howpublished = "\url{https://www.odoo.com/page/sales-features}",
	note = "[Online; accessed 2-May-2016]"
}

@misc{web.erp.typeEnterpriseSystem,
	title = {Three Different Types of Enterprise Systems},
	howpublished = "\url{https://www.odoo.com/page/sales-features}",
	note = "[Online; accessed 2-May-2016]"
}
